% This file was created with JabRef 2.10.
% Encoding: UTF8


@Article{Lougee-Heimer03,
  Title                    = {The Common Optimization {INterface} for Operations Research: Promoting open-source software in the operations research community},
  Author                   = {Lougee-Heimer, R.},
  Journal                  = {IBM Journal of Research and Development},
  Year                     = {2003},

  Month                    = jan,
  Number                   = {1},
  Pages                    = {57--66},
  Volume                   = {47},

  Doi                      = {10.1147/rd.471.0057}
}

@Misc{Nestler11,
  Title                    = {Reproducible (Operations) Research - A primer on reproducible research and why the O.R. community should care about it.},

  Author                   = {Nestler, Scott},
  Year                     = {2011},

  ISSN                     = {1085-1038},
  Journal                  = {OR MS today : operations research - management science},
  Number                   = {5},
  Pages                    = {22--30},
  Series                   = {OR MS today : operations research - management science},
  Volume                   = {38}
}

@Article{Peng09,
  Title                    = {Distributed reproducible research using cached computations},
  Author                   = {Peng, Roger D and Eckel, Sandrah P},
  Journal                  = {Computing in Science and Engineering},
  Year                     = {2009},
  Number                   = {1},
  Pages                    = {28--34},
  Volume                   = {11}
}

@Article{Stodden13,
  Title                    = {Toward reproducible computational research: an empirical analysis of data and code policy adoption by journals},
  Author                   = {Stodden, Victoria and Guo, Peixuan and Ma, Zhaokun},
  Journal                  = {PloS one},
  Year                     = {2013},
  Number                   = {6},
  Volume                   = {8}
}

